<?xml version="1.0" encoding="UTF-8"?><collection xmlns="http://www.loc.gov/MARC21/slim"><record><leader>00461nam--2200145-i-4500</leader><controlfield tag="001">000033518</controlfield><controlfield tag="002">20161230</controlfield><controlfield tag="005">20161230201039</controlfield><controlfield tag="008">060222s1000------------r-----000-0-eng-d</controlfield><datafield ind1=" " ind2=" " tag="080"><subfield code="a">015:541.14</subfield></datafield><datafield ind1=" " ind2=" " tag="100"><subfield code="a">Morand, Jean-pierre</subfield></datafield><datafield ind1=" " ind2=" " tag="245"><subfield code="a">Etude de l`oxydation photochiique du mercure. application a la separation des isotopes du mercure. /these</subfield></datafield><datafield ind1=" " ind2=" " tag="260"><subfield code="a">Orsay, La Faculte Des Sciences D`Orsay, Univ.De Paris, 1970, 75p</subfield></datafield><datafield ind1=" " ind2=" " tag="490"><subfield code="a">Serie A</subfield></datafield><datafield ind1=" " ind2=" " tag="852"><subfield code="a">38223</subfield></datafield></record></collection>